@INPROCEEDINGS{<paper_id>_adassxxviii,
  author  = "<authors>",
booktitle = "ADASS XXVIII",
     year = 2019,
   editor = "TBD",
   volume = "TBD",
   series = "ASP Conf. Ser.",
   pages  = "TBD",
publisher = "ASP",
  address = "San Francisco",
}
