@ARTICLE{2004PASP..116..148P,
   author = {{Pych}, W.},
    title = "{A Fast Algorithm for Cosmic-Ray Removal from Single Images}",
  journal = {\pasp},
   eprint = {astro-ph/0311290},
 keywords = {ISM: Cosmic Rays, Methods: Data Analysis, Techniques: Image Processing},
     year = 2004,
    month = feb,
   volume = 116,
    pages = {148-153},
      doi = {10.1086/381786},
   adsurl = {http://adsabs.harvard.edu/abs/2004PASP..116..148P},
  adsnote = {Provided by the SAO/NASA Astrophysics Data System}
}

@INPROCEEDINGS{2004SPIE.5492..331C,
   author = {{Clemens}, J.~C. and {Crain}, J.~A. and {Anderson}, R.},
    title = "{The Goodman spectrograph}",
booktitle = {Ground-based Instrumentation for Astronomy},
     year = 2004,
   series = {\procspie},
   volume = 5492,
   editor = {{Moorwood}, A.~F.~M. and {Iye}, M.},
    month = sep,
    pages = {331-340},
      doi = {10.1117/12.550069},
   adsurl = {http://adsabs.harvard.edu/abs/2004SPIE.5492..331C},
  adsnote = {Provided by the SAO/NASA Astrophysics Data System}
}

@ARTICLE{2002AaA...382..752H,
   author = {{Hynes}, R.~I.},
    title = "{An optimal extraction of spatially blended spectra}",
  journal = {\aap},
   eprint = {astro-ph/0111477},
 keywords = {TECHNIQUES: SPECTROSCOPIC},
     year = 2002,
    month = feb,
   volume = 382,
    pages = {752-757},
      doi = {10.1051/0004-6361:20011657},
   adsurl = {http://adsabs.harvard.edu/abs/2002A%26A...382..752H},
  adsnote = {Provided by the SAO/NASA Astrophysics Data System}
}

@INPROCEEDINGS{1990ESOC...34...73K,
   author = {{Kinney}, A.~L. and {Bohlin}, R.~C. and {Neill}, J.~D.},
    title = "{Weighted Slit Extractions of Spectral Data}",
booktitle = {European Southern Observatory Conference and Workshop Proceedings},
     year = 1990,
   series = {European Southern Observatory Conference and Workshop Proceedings},
   volume = 34,
   editor = {{Baade}, D. and {Grosbol}, P.~J.},
    pages = {73},
   adsurl = {http://adsabs.harvard.edu/abs/1990ESOC...34...73K},
  adsnote = {Provided by the SAO/NASA Astrophysics Data System}
}

@ARTICLE{2006AaA...446..747G,
   author = {{Greisen}, E.~W. and {Calabretta}, M.~R. and {Valdes}, F.~G. and 
	{Allen}, S.~L.},
    title = "{Representations of spectral coordinates in FITS}",
  journal = {\aap},
   eprint = {astro-ph/0507293},
 keywords = {methods: data analysis, techniques: image processing, techniques: radial velocities, techniques: spectroscopic, astronomical data bases: miscellaneous},
     year = 2006,
    month = feb,
   volume = 446,
    pages = {747-771},
      doi = {10.1051/0004-6361:20053818},
   adsurl = {http://adsabs.harvard.edu/abs/2006A%26A...446..747G},
  adsnote = {Provided by the SAO/NASA Astrophysics Data System}
}

@INBOOK{2013pss2.book...35M,
   author = {{Massey}, P. and {Hanson}, M.~M.},
    title = "{Astronomical Spectroscopy}",
 keywords = {Physics},
booktitle = {Planets, Stars and Stellar Systems.~Volume 2: Astronomical Techniques, Software and Data},
     year = 2013,
   editor = {{Oswalt}, T.~D. and {Bond}, H.~E.},
    pages = {35},
      doi = {10.1007/978-94-007-5618-2_2},
   adsurl = {http://adsabs.harvard.edu/abs/2013pss2.book...35M},
  adsnote = {Provided by the SAO/NASA Astrophysics Data System}
}

@ARTICLE{2001PASP..113.1420V,
   author = {{van Dokkum}, P.~G.},
    title = "{Cosmic-Ray Rejection by Laplacian Edge Detection}",
  journal = {\pasp},
   eprint = {astro-ph/0108003},
 keywords = {Instrumentation: Detectors, Methods: Data Analysis-techniques: image processing},
     year = 2001,
    month = nov,
   volume = 113,
    pages = {1420-1427},
      doi = {10.1086/323894},
   adsurl = {http://adsabs.harvard.edu/abs/2001PASP..113.1420V},
  adsnote = {Provided by the SAO/NASA Astrophysics Data System}
}

@ARTICLE{1989PASP..101.1032M,
   author = {{Marsh}, T.~R.},
    title = "{The extraction of highly distorted spectra}",
  journal = {\pasp},
 keywords = {Astronomical Spectroscopy, Data Reduction, Point Sources, Charge Coupled Devices, Pixels, Signal To Noise Ratios},
     year = 1989,
    month = nov,
   volume = 101,
    pages = {1032-1037},
      doi = {10.1086/132570},
   adsurl = {http://adsabs.harvard.edu/abs/1989PASP..101.1032M},
  adsnote = {Provided by the SAO/NASA Astrophysics Data System}
}

@ARTICLE{1986PASP...98..609H,
   author = {{Horne}, K.},
    title = "{An optimal extraction algorithm for CCD spectroscopy}",
  journal = {\pasp},
 keywords = {Astronomical Spectroscopy, Charge Coupled Devices, Data Reduction, Spectrum Analysis, Image Processing, Iteration, Optimization, Spatial Resolution, Stellar Spectra, Variance (Statistics)},
     year = 1986,
    month = jun,
   volume = 98,
    pages = {609-617},
      doi = {10.1086/131801},
   adsurl = {http://adsabs.harvard.edu/abs/1986PASP...98..609H},
  adsnote = {Provided by the SAO/NASA Astrophysics Data System}
}

@INPROCEEDINGS{P9-115_adassxxvii,
  author  = "{Torres-Robledo}, Simon and {Briceno}, Cesar and {Quint}, Bruno and {Sanmartim}, David",
booktitle = "ADASS XXVIII",
     year = 2017,
   editor = "TBD",
   volume = "TBD",
   series = "ASP Conf. Ser.",
   pages  = "TBD",
publisher = "ASP",
  address = "San Francisco",
}

@ARTICLE{2013A&A...558A..33A,
   author = {{Astropy Collaboration} and {Robitaille}, T.~P. and {Tollerud}, E.~J. and 
	{Greenfield}, P. and {Droettboom}, M. and {Bray}, E. and {Aldcroft}, T. and 
	{Davis}, M. and {Ginsburg}, A. and {Price-Whelan}, A.~M. and 
	{Kerzendorf}, W.~E. and {Conley}, A. and {Crighton}, N. and 
	{Barbary}, K. and {Muna}, D. and {Ferguson}, H. and {Grollier}, F. and 
	{Parikh}, M.~M. and {Nair}, P.~H. and {Unther}, H.~M. and {Deil}, C. and 
	{Woillez}, J. and {Conseil}, S. and {Kramer}, R. and {Turner}, J.~E.~H. and 
	{Singer}, L. and {Fox}, R. and {Weaver}, B.~A. and {Zabalza}, V. and 
	{Edwards}, Z.~I. and {Azalee Bostroem}, K. and {Burke}, D.~J. and 
	{Casey}, A.~R. and {Crawford}, S.~M. and {Dencheva}, N. and 
	{Ely}, J. and {Jenness}, T. and {Labrie}, K. and {Lim}, P.~L. and 
	{Pierfederici}, F. and {Pontzen}, A. and {Ptak}, A. and {Refsdal}, B. and 
	{Servillat}, M. and {Streicher}, O.},
    title = "{Astropy: A community Python package for astronomy}",
  journal = {\aap},
archivePrefix = "arXiv",
   eprint = {1307.6212},
 primaryClass = "astro-ph.IM",
 keywords = {methods: data analysis, methods: miscellaneous, virtual observatory tools},
     year = 2013,
    month = oct,
   volume = 558,
      eid = {A33},
    pages = {A33},
      doi = {10.1051/0004-6361/201322068},
   adsurl = {http://adsabs.harvard.edu/abs/2013A%26A...558A..33A},
  adsnote = {Provided by the SAO/NASA Astrophysics Data System}
}

@ARTICLE{2018AJ....156..123A,
   author = {{Astropy Collaboration} and {Price-Whelan}, A.~M. and {Sip{\H o}cz}, B.~M. and 
	{G{\"u}nther}, H.~M. and {Lim}, P.~L. and {Crawford}, S.~M. and 
	{Conseil}, S. and {Shupe}, D.~L. and {Craig}, M.~W. and {Dencheva}, N. and 
	{Ginsburg}, A. and {VanderPlas}, J.~T. and {Bradley}, L.~D. and 
	{P{\'e}rez-Su{\'a}rez}, D. and {de Val-Borro}, M. and {Aldcroft}, T.~L. and 
	{Cruz}, K.~L. and {Robitaille}, T.~P. and {Tollerud}, E.~J. and 
	{Ardelean}, C. and {Babej}, T. and {Bach}, Y.~P. and {Bachetti}, M. and 
	{Bakanov}, A.~V. and {Bamford}, S.~P. and {Barentsen}, G. and 
	{Barmby}, P. and {Baumbach}, A. and {Berry}, K.~L. and {Biscani}, F. and 
	{Boquien}, M. and {Bostroem}, K.~A. and {Bouma}, L.~G. and {Brammer}, G.~B. and 
	{Bray}, E.~M. and {Breytenbach}, H. and {Buddelmeijer}, H. and 
	{Burke}, D.~J. and {Calderone}, G. and {Cano Rodr{\'{\i}}guez}, J.~L. and 
	{Cara}, M. and {Cardoso}, J.~V.~M. and {Cheedella}, S. and {Copin}, Y. and 
	{Corrales}, L. and {Crichton}, D. and {D'Avella}, D. and {Deil}, C. and 
	{Depagne}, {\'E}. and {Dietrich}, J.~P. and {Donath}, A. and 
	{Droettboom}, M. and {Earl}, N. and {Erben}, T. and {Fabbro}, S. and 
	{Ferreira}, L.~A. and {Finethy}, T. and {Fox}, R.~T. and {Garrison}, L.~H. and 
	{Gibbons}, S.~L.~J. and {Goldstein}, D.~A. and {Gommers}, R. and 
	{Greco}, J.~P. and {Greenfield}, P. and {Groener}, A.~M. and 
	{Grollier}, F. and {Hagen}, A. and {Hirst}, P. and {Homeier}, D. and 
	{Horton}, A.~J. and {Hosseinzadeh}, G. and {Hu}, L. and {Hunkeler}, J.~S. and 
	{Ivezi{\'c}}, {\v Z}. and {Jain}, A. and {Jenness}, T. and {Kanarek}, G. and 
	{Kendrew}, S. and {Kern}, N.~S. and {Kerzendorf}, W.~E. and 
	{Khvalko}, A. and {King}, J. and {Kirkby}, D. and {Kulkarni}, A.~M. and 
	{Kumar}, A. and {Lee}, A. and {Lenz}, D. and {Littlefair}, S.~P. and 
	{Ma}, Z. and {Macleod}, D.~M. and {Mastropietro}, M. and {McCully}, C. and 
	{Montagnac}, S. and {Morris}, B.~M. and {Mueller}, M. and {Mumford}, S.~J. and 
	{Muna}, D. and {Murphy}, N.~A. and {Nelson}, S. and {Nguyen}, G.~H. and 
	{Ninan}, J.~P. and {N{\"o}the}, M. and {Ogaz}, S. and {Oh}, S. and 
	{Parejko}, J.~K. and {Parley}, N. and {Pascual}, S. and {Patil}, R. and 
	{Patil}, A.~A. and {Plunkett}, A.~L. and {Prochaska}, J.~X. and 
	{Rastogi}, T. and {Reddy Janga}, V. and {Sabater}, J. and {Sakurikar}, P. and 
	{Seifert}, M. and {Sherbert}, L.~E. and {Sherwood-Taylor}, H. and 
	{Shih}, A.~Y. and {Sick}, J. and {Silbiger}, M.~T. and {Singanamalla}, S. and 
	{Singer}, L.~P. and {Sladen}, P.~H. and {Sooley}, K.~A. and 
	{Sornarajah}, S. and {Streicher}, O. and {Teuben}, P. and {Thomas}, S.~W. and 
	{Tremblay}, G.~R. and {Turner}, J.~E.~H. and {Terr{\'o}n}, V. and 
	{van Kerkwijk}, M.~H. and {de la Vega}, A. and {Watkins}, L.~L. and 
	{Weaver}, B.~A. and {Whitmore}, J.~B. and {Woillez}, J. and 
	{Zabalza}, V. and {Astropy Contributors}},
    title = "{The Astropy Project: Building an Open-science Project and Status of the v2.0 Core Package}",
  journal = {\aj},
archivePrefix = "arXiv",
   eprint = {1801.02634},
 primaryClass = "astro-ph.IM",
 keywords = {methods: data analysis, methods: miscellaneous, methods: statistical, reference systems },
     year = 2018,
    month = sep,
   volume = 156,
      eid = {123},
    pages = {123},
      doi = {10.3847/1538-3881/aabc4f},
   adsurl = {http://adsabs.harvard.edu/abs/2018AJ....156..123A},
  adsnote = {Provided by the SAO/NASA Astrophysics Data System}
}
